<record><leader>01366nkm a2200349 i 4500</leader><controlfield tag="001">9939647812307636</controlfield><controlfield tag="006">m     o  z        </controlfield><controlfield tag="007">cr#|n#---|||||</controlfield><controlfield tag="008">221125s198u    xx#nnn########o###knzxx#d</controlfield><datafield ind1=" " ind2=" " tag="035"><subfield code="a">IE493437</subfield></datafield><datafield ind1=" " ind2=" " tag="037"><subfield code="a">H2011.2/1653</subfield><subfield code="b">State Library of Victoria</subfield></datafield><datafield ind1=" " ind2=" " tag="040"><subfield code="a">VSL</subfield><subfield code="b">eng</subfield><subfield code="e">rda</subfield><subfield code="c">VSL</subfield></datafield><datafield ind1=" " ind2=" " tag="042"><subfield code="a">anuc</subfield></datafield><datafield ind1=" " ind2=" " tag="043"><subfield code="a">u-at---</subfield></datafield><datafield ind1="1" ind2=" " tag="100"><subfield code="a">Ellis, Rennie,</subfield><subfield code="d">1940-2003,</subfield><subfield code="e">photographer.</subfield></datafield><datafield ind1="1" ind2="0" tag="245"><subfield code="a">Ken Done's house</subfield></datafield><datafield ind1=" " ind2=" " tag="260"><subfield code="c">[198-?].</subfield></datafield><datafield ind1=" " ind2=" " tag="300"><subfield code="a">1 digital file</subfield></datafield><datafield ind1=" " ind2=" " tag="336"><subfield code="a">still image</subfield><subfield code="b">sti</subfield><subfield code="2">rdacontent</subfield></datafield><datafield ind1=" " ind2=" " tag="337"><subfield code="a">computer</subfield><subfield code="b">c</subfield><subfield code="2">rdamedia</subfield></datafield><datafield ind1=" " ind2=" " tag="338"><subfield code="a">online resource</subfield><subfield code="b">cr</subfield><subfield code="2">rdacarrier</subfield></datafield><datafield ind1=" " ind2=" " tag="520"><subfield code="a">Ken Done's house</subfield></datafield><datafield ind1=" " ind2=" " tag="540"><subfield code="a">Copyright restrictions apply.</subfield></datafield><datafield ind1=" " ind2=" " tag="542"><subfield code="l">This work is in copyright</subfield></datafield><datafield ind1=" " ind2="0" tag="650"><subfield code="a">Celebrities</subfield><subfield code="z">Australia</subfield><subfield code="v">Pictorial works.</subfield></datafield><datafield ind1=" " ind2="4" tag="655"><subfield code="a">Dye coupler transparencies.</subfield><subfield code="2">gmgpc</subfield></datafield><datafield ind1=" " ind2="4" tag="655"><subfield code="a">Slides</subfield><subfield code="x">Color.</subfield><subfield code="2">gmgpc.</subfield></datafield><datafield ind1="0" ind2="8" tag="773"><subfield code="a">Rennie Ellis collection. Personalities</subfield></datafield><datafield ind1=" " ind2="0" tag="830"><subfield code="a">Rennie Ellis collection. </subfield><subfield code="p">Personalities.</subfield><subfield code="5">AuMS</subfield></datafield><datafield ind1=" " ind2=" " tag="950"><subfield code="a">Photographs</subfield><subfield code="b">StillImage</subfield><subfield code="c">image/tiff</subfield><subfield code="d">1</subfield><subfield code="f">1980/1989</subfield><subfield code="h">H2011.2/1653</subfield><subfield code="m">Ken Done's house</subfield><subfield code="n">[198-?].</subfield><subfield code="o">3 transparencies in plastic and cardboard mounts : kodachrome ; 35 mm.</subfield><subfield code="p">9922700093607636</subfield><subfield code="q">Ken Done's house</subfield><subfield code="r">Ken Done's house</subfield></datafield><datafield ind1=" " ind2=" " tag="956"><subfield code="a">10381/4101020</subfield><subfield code="b">MANY</subfield><subfield code="e">IE493437</subfield><subfield code="f">9939647812307636</subfield><subfield code="g">Digitised</subfield><subfield code="h">slvdb</subfield><subfield code="i">AVAILABLE</subfield><subfield code="j">SIP879</subfield><subfield code="k">re401654</subfield></datafield><datafield ind1=" " ind2=" " tag="960"><subfield code="p">SBO;2023-08</subfield></datafield><datafield ind1=" " ind2=" " tag="937"><subfield code="a">H2011.2/1653</subfield><subfield code="b">State Library of Victoria</subfield></datafield></record>